% Encoding: UTF-8

@Book{Adkins2018,
  title       = {{Using gretl for Principles of Econometrics, 5th Edition}},
  year        = {2018},
  author      = {Lee C. Adkins},
  number      = {1412},
  abstract    = {No Abstract Available},
  institution = {Oklahoma State University},
  keywords    = {Economometrics; gretl},
  url         = {http://www.learneconometrics.com/gretl/using_gretl_for_POE5.pdf},
}

@InProceedings{Cottrell2017,
  author    = {Cottrell, Allin},
  title     = {Hansl: A DSL for Econometrics},
  booktitle = {Proceedings of the 2Nd International Workshop on Real World Domain Specific Languages},
  year      = {2017},
  series    = {RWDSL17},
  pages     = {1:1--1:10},
  address   = {New York, NY, USA},
  publisher = {ACM},
  acmid     = {3039896},
  articleno = {1},
  doi       = {10.1145/3039895.3039896},
  isbn      = {978-1-4503-4845-4},
  keywords  = {domain specific languages, econometrics},
  location  = {Austin, TX, USA},
  numpages  = {10},
  url       = {http://doi.acm.org/10.1145/3039895.3039896},
}

@Comment{jabref-meta: databaseType:bibtex;}
